[gd_scene load_steps=8 format=2]

[ext_resource path="res://scenes/SongSelect/ExerciseContainer.gd" type="Script" id=1]
[ext_resource path="res://assets/styles/theme.tres" type="Theme" id=2]
[ext_resource path="res://assets/fonts/realbook-webfont.ttf" type="DynamicFontData" id=3]
[ext_resource path="res://scenes/SongSelect/bpmchoice.tres" type="ButtonGroup" id=4]


[sub_resource type="StyleBoxFlat" id=1]
bg_color = Color( 0.870588, 0.901961, 0.94902, 0.470588 )
border_width_left = 5
border_width_top = 5
border_width_right = 5
border_width_bottom = 5
border_color = Color( 0.690196, 0.713726, 0.752941, 1 )
corner_radius_top_left = 20
corner_radius_top_right = 20
corner_radius_bottom_right = 20
corner_radius_bottom_left = 20

[sub_resource type="DynamicFont" id=2]
size = 60
font_data = ExtResource( 3 )

[sub_resource type="DynamicFont" id=3]
size = 50
font_data = ExtResource( 3 )

[node name="ExerciseContainer" type="VBoxContainer"]
margin_right = 400.0
margin_bottom = 680.0
theme = ExtResource( 2 )
alignment = 1
script = ExtResource( 1 )
__meta__ = {
"_edit_use_anchors_": false
}

[node name="Panel" type="Panel" parent="."]
margin_top = 90.0
margin_right = 400.0
margin_bottom = 590.0
rect_min_size = Vector2( 400, 500 )
mouse_filter = 1
theme = ExtResource( 2 )
custom_styles/panel = SubResource( 1 )

[node name="MarginContainer" type="MarginContainer" parent="Panel"]
anchor_right = 1.0
anchor_bottom = 1.0
mouse_filter = 1
size_flags_horizontal = 3
size_flags_vertical = 3
custom_constants/margin_right = 10
custom_constants/margin_top = 10
custom_constants/margin_left = 10
custom_constants/margin_bottom = 10
__meta__ = {
"_edit_use_anchors_": true
}

[node name="VBoxContainer" type="VBoxContainer" parent="Panel/MarginContainer"]
margin_left = 10.0
margin_top = 10.0
margin_right = 390.0
margin_bottom = 490.0
size_flags_horizontal = 3
size_flags_vertical = 3
__meta__ = {
"_edit_use_anchors_": false
}

[node name="Label" type="Label" parent="Panel/MarginContainer/VBoxContainer"]
margin_right = 380.0
margin_bottom = 136.0
mouse_filter = 1
size_flags_horizontal = 3
size_flags_vertical = 7
custom_fonts/font = SubResource( 2 )
text = "Demo Song"
align = 1
valign = 1
__meta__ = {
"_edit_use_anchors_": false
}

[node name="CheckBox" type="CheckBox" parent="Panel/MarginContainer/VBoxContainer"]
margin_top = 140.0
margin_right = 380.0
margin_bottom = 204.0
group = ExtResource( 4 )
text = "80bpm"

[node name="CheckBox2" type="CheckBox" parent="Panel/MarginContainer/VBoxContainer"]
margin_top = 208.0
margin_right = 380.0
margin_bottom = 272.0
group = ExtResource( 4 )
text = "100bpm"

[node name="CheckBox3" type="CheckBox" parent="Panel/MarginContainer/VBoxContainer"]
margin_top = 276.0
margin_right = 380.0
margin_bottom = 340.0
group = ExtResource( 4 )
text = "120bpm"

[node name="Button4" type="Button" parent="Panel/MarginContainer/VBoxContainer"]
margin_top = 344.0
margin_right = 380.0
margin_bottom = 480.0
size_flags_horizontal = 3
size_flags_vertical = 7
custom_fonts/font = SubResource( 3 )
text = "Play"
__meta__ = {
"_edit_use_anchors_": false
}

[connection signal="button_down" from="Panel/MarginContainer/VBoxContainer/Button4" to="." method="_on_Button_button_down"]
