[gd_scene load_steps=9 format=2]

[ext_resource path="res://assets/styles/theme.tres" type="Theme" id=1]
[ext_resource path="res://scenes/MainMenu/GridContainer.gd" type="Script" id=2]
[ext_resource path="res://assets/fonts/realbook-webfont.ttf" type="DynamicFontData" id=3]
[ext_resource path="res://assets/styles/WhitePanelStyle.tres" type="StyleBox" id=4]
[ext_resource path="res://assets/images/rests/Rest minim.png" type="Texture" id=5]


[sub_resource type="DynamicFont" id=1]
size = 170
outline_size = 2
outline_color = Color( 0, 0, 0, 1 )
font_data = ExtResource( 3 )

[sub_resource type="DynamicFont" id=2]
size = 100
font_data = ExtResource( 3 )

[sub_resource type="DynamicFont" id=3]
size = 50
font_data = ExtResource( 3 )

[node name="MainMenu" type="PanelContainer"]
anchor_right = 1.0
anchor_bottom = 1.0
theme = ExtResource( 1 )
custom_styles/panel = ExtResource( 4 )
__meta__ = {
"_edit_use_anchors_": false
}

[node name="VBoxContainer2" type="VBoxContainer" parent="."]
margin_right = 1280.0
margin_bottom = 720.0
size_flags_horizontal = 3
size_flags_vertical = 3
__meta__ = {
"_edit_use_anchors_": false
}

[node name="MarginContainer2" type="MarginContainer" parent="VBoxContainer2"]
margin_right = 1280.0
margin_bottom = 673.0
custom_constants/margin_top = 50
custom_constants/margin_bottom = 0

[node name="CenterContainer" type="CenterContainer" parent="VBoxContainer2/MarginContainer2"]
margin_top = 50.0
margin_right = 1280.0
margin_bottom = 673.0

[node name="GridContainer" type="GridContainer" parent="VBoxContainer2/MarginContainer2/CenterContainer"]
margin_left = 239.0
margin_right = 1041.0
margin_bottom = 623.0
rect_min_size = Vector2( 800, 325 )
size_flags_horizontal = 0
size_flags_vertical = 0
script = ExtResource( 2 )

[node name="MenuLabel" type="Label" parent="VBoxContainer2/MarginContainer2/CenterContainer/GridContainer"]
margin_right = 802.0
margin_bottom = 238.0
custom_fonts/font = SubResource( 1 )
custom_colors/font_color = Color( 0, 0, 0, 1 )
text = "RhythmTrain"
align = 1

[node name="HBoxContainer2" type="HBoxContainer" parent="VBoxContainer2/MarginContainer2/CenterContainer/GridContainer"]
margin_top = 242.0
margin_right = 802.0
margin_bottom = 393.0

[node name="PlayButton" type="Button" parent="VBoxContainer2/MarginContainer2/CenterContainer/GridContainer/HBoxContainer2"]
margin_right = 399.0
margin_bottom = 151.0
size_flags_horizontal = 3
size_flags_vertical = 3
custom_fonts/font = SubResource( 2 )
text = "Play"

[node name="Practice" type="Button" parent="VBoxContainer2/MarginContainer2/CenterContainer/GridContainer/HBoxContainer2"]
margin_left = 403.0
margin_right = 802.0
margin_bottom = 151.0
size_flags_horizontal = 3
size_flags_vertical = 3
theme = ExtResource( 1 )
custom_fonts/font = SubResource( 2 )
text = "Practice"

[node name="Challenges" type="Button" parent="VBoxContainer2/MarginContainer2/CenterContainer/GridContainer"]
margin_top = 397.0
margin_right = 802.0
margin_bottom = 548.0
size_flags_horizontal = 3
size_flags_vertical = 3
theme = ExtResource( 1 )
custom_fonts/font = SubResource( 2 )
text = "Challenges"

[node name="HBoxContainer" type="HBoxContainer" parent="VBoxContainer2/MarginContainer2/CenterContainer/GridContainer"]
margin_top = 552.0
margin_right = 802.0
margin_bottom = 623.0

[node name="Name" type="Label" parent="VBoxContainer2/MarginContainer2/CenterContainer/GridContainer/HBoxContainer"]
margin_right = 106.0
margin_bottom = 71.0
custom_fonts/font = SubResource( 3 )
text = "Name:"

[node name="TextureRect" type="TextureRect" parent="VBoxContainer2/MarginContainer2/CenterContainer/GridContainer/HBoxContainer"]
margin_left = 110.0
margin_right = 160.0
margin_bottom = 71.0
rect_min_size = Vector2( 50, 0 )
texture = ExtResource( 5 )
expand = true

[node name="ActiveChallenge" type="Label" parent="VBoxContainer2/MarginContainer2/CenterContainer/GridContainer/HBoxContainer"]
margin_left = 164.0
margin_right = 406.0
margin_bottom = 71.0
custom_fonts/font = SubResource( 3 )
text = "EXERCISES1"

[connection signal="pressed" from="VBoxContainer2/MarginContainer2/CenterContainer/GridContainer/HBoxContainer2/PlayButton" to="VBoxContainer2/MarginContainer2/CenterContainer/GridContainer" method="_on_PlayButton_pressed"]
[connection signal="pressed" from="VBoxContainer2/MarginContainer2/CenterContainer/GridContainer/HBoxContainer2/Practice" to="VBoxContainer2/MarginContainer2/CenterContainer/GridContainer" method="_on_Practice_pressed"]
[connection signal="pressed" from="VBoxContainer2/MarginContainer2/CenterContainer/GridContainer/Challenges" to="VBoxContainer2/MarginContainer2/CenterContainer/GridContainer" method="_on_Challenges_pressed"]
